
@book{SmalltalkBlueBook,
 author = {Goldberg, Adele and Robson, David},
 title = {Smalltalk-80: the language and its implementation},
 year = {1983},
 isbn = {0-201-11371-6},
 publisher = {Addison-Wesley Longman Publishing Co., Inc.},
 address = {Boston, MA, USA},
} 

@incollection{SmalltalkHistory,
 author = {Kay, Alan C.},
 chapter = {The early history of Smalltalk},
 title = {History of programming languages---II},
 editor = {Bergin,Jr., Thomas J. and Gibson,Jr., Richard G.},
 year = {1996},
 isbn = {0-201-89502-1},
 pages = {511--598},
 numpages = {88},
 url = {http://doi.acm.org/10.1145/234286.1057828},
 doi = {http://doi.acm.org/10.1145/234286.1057828},
 acmid = {1057828},
 publisher = {ACM},
 address = {New York, NY, USA},
} 


@book{ConceptsOfProgramming,
 author = {Roy, Peter Van and Haridi, Seif},
 title = {Concepts, Techniques, and Models of Computer Programming},
 year = {2004},
 isbn = {0262220695},
 publisher = {MIT Press},
 address = {Cambridge, MA, USA},
}

@book{ActorsAgha,
 author = {Agha, Gul},
 title = {Actors: a model of concurrent computation in distributed systems},
 year = {1986},
 isbn = {0-262-01092-5},
 publisher = {MIT Press},
 address = {Cambridge, MA, USA},
}

@inproceedings{ActorsHewitt,
 author = {Hewitt, Carl and Bishop, Peter and Steiger, Richard},
 title = {A universal modular ACTOR formalism for artificial intelligence},
 booktitle = {Proceedings of the 3rd international joint conference on Artificial intelligence},
 year = {1973},
 location = {Stanford, USA},
 pages = {235--245},
 numpages = {11},
 url = {http://portal.acm.org/citation.cfm?id=1624775.1624804},
 acmid = {1624804},
 publisher = {Morgan Kaufmann Publishers Inc.},
 address = {San Francisco, CA, USA},
}

@inproceedings{PrototypesPhilosophy,
    author = {Antero Taivalsaari},
    title = {Classes vs. Prototypes - Some Philosophical and Historical Observations},
    booktitle = {Journal of Object-Oriented Programming},
    year = {1996},
    pages = {44--50},
    publisher = {SpringerVerlag}
}

@incollection {OpenObjects,
   author = {Piumarta, Ian and Warth, Alessandro},
   affiliation = {Viewpoints Research Institute 1209 Grand Central Avenue Glendale CA 91201 USA},
   title = {Open, Extensible Object Models},
   booktitle = {Self-Sustaining Systems},
   series = {Lecture Notes in Computer Science},
   editor = {Hirschfeld, Robert and Rose, Kim},
   publisher = {Springer Berlin / Heidelberg},
   isbn = {},
   pages = {1-30},
   volume = {5146},
   url = {http://dx.doi.org/10.1007/978-3-540-89275-5_1},
   year = {2008}
}

@incollection {Newspeak,
   author = {Bracha, Gilad and von der Ahé, Peter and Bykov, Vassili and Kashai, Yaron and Maddox, William and Miranda, Eliot},
   affiliation = {Ministry of Truth},
   title = {Modules as Objects in Newspeak},
   booktitle = {ECOOP 2010 - Object-Oriented Programming},
   series = {Lecture Notes in Computer Science},
   editor = {D'Hondt, Theo},
   publisher = {Springer Berlin / Heidelberg},
   isbn = {},
   pages = {405-428},
   volume = {6183},
   url = {http://dx.doi.org/10.1007/978-3-642-14107-2_20},
   year = {2010}
}

@inproceedings{ErlangHistory,
  address = {New York, NY, USA},
  author = {Joe Armstrong},
  booktitle = {HOPL III: Proceedings of the third ACM SIGPLAN conference on History of programming languages},
  interhash = {fc8b2e1d263b91a0638cecd34efe40d9},
  intrahash = {b9c5deb497ed2b98a83e9a9732e56176},
  pages = {6-1--6-26},
  publisher = {ACM},
  title = {A History of Erlang},
  url = {http://portal.acm.org/citation.cfm?id=1238844.1238850},
  year = 2007,
  keywords = {Erlang History Language Programming},
  added-at = {2009-08-09T18:26:15.000+0200},
  location = {San Diego, California},
  description = {A history of Erlang},
  isbn = {978-1-59593-766-X},
  doi = {http://doi.acm.org/10.1145/1238844.1238850}
}

@book{ErlangBook,
    address = {http://citeseer.ist.psu.edu/393979.html},
    author = {Armstrong, Joe and Virding, Robert and Wikstr{\"o}m, Claes and Williams, Mike},
    citeulike-article-id = {1128874},
    keywords = {concurrency, embedded-systems},
    posted-at = {2007-02-28 08:15:22},
    priority = {2},
    publisher = {Prentice Hall},
    title = {{Concurrent Programming in ERLANG}},
    year = {1996}
}

@inproceedings{Self,
 author = {Ungar, David and Smith, Randall B.},
 title = {Self: The power of simplicity},
 booktitle = {Conference proceedings on Object-oriented programming systems, languages and applications},
 series = {OOPSLA '87},
 year = {1987},
 isbn = {0-89791-247-0},
 location = {Orlando, Florida, United States},
 pages = {227--242},
 numpages = {16},
 url = {http://doi.acm.org/10.1145/38765.38828},
 doi = {http://doi.acm.org/10.1145/38765.38828},
 acmid = {38828},
 publisher = {ACM},
 address = {New York, NY, USA},
}

@article{Generations,
 author = {Clarke, Roger},
 title = {A contingency approach to the application software generations},
 journal = {SIGMIS Database},
 volume = {22},
 issue = {3},
 month = {June},
 year = {1991},
 issn = {0095-0033},
 pages = {23--34},
 numpages = {12},
 url = {http://doi.acm.org/10.1145/126743.126749},
 doi = {http://doi.acm.org/10.1145/126743.126749},
 acmid = {126749},
 publisher = {ACM},
 address = {New York, NY, USA},
} 

@article{AbstractionInCS,
 author = {Colburn, Timothy and Shute, Gary},
 title = {Abstraction in Computer Science},
 journal = {Minds Mach.},
 volume = {17},
 issue = {2},
 month = {July},
 year = {2007},
 issn = {0924-6495},
 pages = {169--184},
 numpages = {16},
 url = {http://portal.acm.org/citation.cfm?id=1285757.1285760},
 doi = {10.1007/s11023-007-9061-7},
 acmid = {1285760},
 publisher = {Kluwer Academic Publishers},
 address = {Hingham, MA, USA},
 keywords = {Abstraction, Computer science, Information hiding, Mathematics},
} 

@article{ComputingDiscipline,
 author = {Comer, Douglas E. and Gries, David and Mulder, Michael C. and Tucker, Allen and Turner, A. Joe and Young, Paul R.},
 note = {Chairman-Denning, Peter J.},
 title = {Computing as a Discipline},
 journal = {Computer},
 volume = {22},
 issue = {2},
 month = {February},
 year = {1989},
 issn = {0018-9162},
 pages = {63--70},
 numpages = {8},
 url = {http://dx.doi.org/10.1109/2.19833},
 doi = {http://dx.doi.org/10.1109/2.19833},
 acmid = {63223},
 publisher = {IEEE Computer Society Press},
 address = {Los Alamitos, CA, USA},
}

@incollection {PowerOfAbstraction,
   author = {Meyer, Bertrand},
   affiliation = {ETH Zürich, Chair of Software Engineering, (also Eiffel Software, Santa Barbara, and Monash University)},
   title = {The Power of Abstraction, Reuse, and Simplicity: An Object-Oriented Library for Event-Driven Design},
   booktitle = {From Object-Orientation to Formal Methods},
   series = {Lecture Notes in Computer Science},
   editor = {Owe, Olaf and Krogdahl, Stein and Lyche, Tom},
   publisher = {Springer Berlin / Heidelberg},
   isbn = {},
   pages = {236-271},
   volume = {2635},
   url = {http://dx.doi.org/10.1007/978-3-540-39993-3_13},
   year = {2004}
}

@article{ReshapingJava,
 author = {N.S. Kutti, Z.A. Al-Khanjari, H. A. Ramadhan and J. Fiaidhi},
 title = {A Note towards Reshaping Java's Features},
 journal = {Journal of Computer Sciences},
 volume = {1},
 issue = {4},
 year = {2005},
 pages = {450--453},
 numpages = {4},
 url = {http://www.scipub.org/scipub/ab_issue.php?pg_no=450-453&j_id=jcs&art_no=67&issue_no=4},
 publisher = {Science Publications}
} 

@book{JavaSpecification,
 author = {Gosling, James and Joy, Bill and Steele, Guy L.},
 title = {The  Java Language Specification},
 year = {1996},
 isbn = {0201634511},
 edition = {1st},
 publisher = {Addison-Wesley Longman Publishing Co., Inc.},
 address = {Boston, MA, USA},
} 

@book{Cpp,
 author = {Stroustrup, Bjarne},
 title = {The  C++ Programming Language},
 year = {2000},
 isbn = {0201700735},
 edition = {3rd},
 publisher = {Addison-Wesley Longman Publishing Co., Inc.},
 address = {Boston, MA, USA},
} 

@book{StructureOfComputerPrograms,
 author = {Abelson, Harold and Sussman, Gerald J. and Sussman, Julie},
 title = {Structure and Interpretation of Computer Programs},
 year = {1996},
 isbn = {0262510871},
 edition = {2nd},
 publisher = {MIT Press},
 address = {Cambridge, MA, USA},
} 

@inproceedings{PluggableTypes,
 author = {G. Bracha},
 title = {Pluggable Type Systems},
 booktitle = {Workshop on Revival of Dynamic Languages},
 series = {OOPSLA '04},
 year = {2004}
}

@misc{Steps2007,
  author = {A. Kay, I. Piumarta, K. Rose, D. Ingalls, D. Amelang, T. Kaehler, Y. Ohshima, C. Thacker, S. Wallace, A. Warth and T. Yamamiya},
  title = {Steps Toward The Reinvention of Programming},
  year = {2007},
  url = {http://www.vpri.org/pdf/tr2007008_steps.pdf},
  publisher = {Viewpoints Research Institute},
  address = {Glendale, CA, USA}
}

@misc{Steps2008,
  author = {A. Kay, I. Piumarta, K. Rose, D. Ingalls, D. Amelang, T. Kaehler, Y. Ohshima, H. Samimi, C. Thacker, S. Wallace, A. Warth and T. Yamamiya},
  title = {STEPS Toward The Reinvention of Programming, 2008 Progress Report Submitted to the National Science Foundation},
  url = {http://www.vpri.org/pdf/tr2008004_steps08.pdf},
  year = {2008},
  publisher = {Viewpoints Research Institute},
  address = {Glendale, CA, USA}
}

@misc{Steps2010,
  author = {Alan Kay, et al.},
  title = {STEPS Toward Expressive Programming Systems, 2010 Progress Report Submitted to the National Science Foundation},
  url = {http://www.vpri.org/pdf/tr2010004_steps10.pdf},
  year = {2010},
  publisher = {Viewpoints Research Institute},
  address = {Glendale, CA, USA}
}

@article{SecurityAwareness,
  author    = {Mikko T. Siponen},
  title     = {A conceptual foundation for organizational information security awareness},
  journal   = {Inf. Manag. Comput. Security},
  volume    = {8},
  number    = {1},
  year      = {2000},
  pages     = {31-41},
  ee        = {http://dx.doi.org/10.1108/09685220010371394},
  bibsource = {DBLP, http://dblp.uni-trier.de}
}

@inproceedings{CertificateAccess,
 author = {Thompson, Mary and Johnston, William and Mudumbai, Srilekha and Hoo, Gary and Jackson, Keith and Essiari, Abdelilah},
 title = {Certificate-based access control for widely distributed resources},
 booktitle = {Proceedings of the 8th conference on USENIX Security Symposium - Volume 8},
 year = {1999},
 location = {Washington, D.C.},
 pages = {17--17},
 numpages = {1},
 url = {http://portal.acm.org/citation.cfm?id=1251421.1251438},
 acmid = {1251438},
 publisher = {USENIX Association},
 address = {Berkeley, CA, USA},
} 

@inproceedings{CertificationRoles,
 author = {Herzberg, Amir and Mass, Yosi and Michaeli, Joris and Ravid, Yiftach and Naor, Dalit},
 title = {Access Control Meets Public Key Infrastructure, Or: Assigning Roles to Strangers},
 booktitle = {Proceedings of the 2000 IEEE Symposium on Security and Privacy},
 year = {2000},
 isbn = {0-7695-0665-8},
 pages = {2--},
 url = {http://portal.acm.org/citation.cfm?id=882494.884417},
 acmid = {884417},
 publisher = {IEEE Computer Society},
 address = {Washington, DC, USA},
 keywords = {Authentication, key management, role based access control, trust management, logic programming, public key certificates, X.509},
} 

@incollection {ModelChecking,
   author = {Clarke, Edmund},
   affiliation = {Carnegie Mellon Department of Computer Science Pittsburgh},
   title = {Model checking},
   booktitle = {Foundations of Software Technology and Theoretical Computer Science},
   series = {Lecture Notes in Computer Science},
   editor = {Ramesh, S. and Sivakumar, G},
   publisher = {Springer Berlin / Heidelberg},
   isbn = {},
   pages = {54-56},
   volume = {1346},
   url = {http://dx.doi.org/10.1007/BFb0058022},
   note = {10.1007/BFb0058022},
   year = {1997}
}

@article{Spin,
    author = {Holzmann, G. J.},
    journal = {Software Engineering, IEEE Transactions on},
    keywords = {formal-os-verification},
    number = {5},
    pages = {279--295},
    posted-at = {2007-05-31 19:17:30},
    priority = {3},
    title = {{The model checker SPIN}},
    url = {http://ieeexplore.ieee.org/xpls/abs_all.jsp?arnumber=588521},
    volume = {23},
    year = {1997}
}

@misc{Worlds,
  author = {Alessandro Warth and Alan Kay},
  title = {Worlds: Controlling the Scope of Side Effects},
  url = {http://www.vpri.org/pdf/tr2010001_worlds.pdf},
  year = {2010},
  publisher = {Viewpoints Research Institute},
  address = {Glendale, CA, USA}
}

@misc{CppCritics,
  author = {Ian Joyner},
  title = {C++?? - A Critique of C++},
  url = {http://www.literateprogramming.com/c++critique.pdf},
  year = {1992}
}

@article{JavaCritics,
 author = {Thimbleby, Harold},
 title = {A critique of Java},
 journal = {Softw. Pract. Exper.},
 volume = {29},
 issue = {5},
 month = {April},
 year = {1999},
 issn = {0038-0644},
 pages = {457--478},
 numpages = {22},
 url = {http://portal.acm.org/citation.cfm?id=311838.311842},
 doi = {10.1002/(SICI)1097-024X(19990425)29:5<457::AID-SPE243>3.0.CO;2-5},
 acmid = {311842},
 publisher = {John Wiley \& Sons, Inc.},
 address = {New York, NY, USA},
 keywords = {Java, documentation and explanation, programming language design},
}

@misc{NewspeakSpecification,
 author = {Gilad Bracha},
 title = {The Newspeak programming language specification, version 0.05},
 howpublished = {\url{http://bracha.org/newspeak-spec.pdf}},
 year = {2009}
} 

@misc{GnuSmalltalk,
 title = {GNU Smalltalk Library Reference},
 url = {http://www.gnu.org/software/smalltalk/manual-base/gst-base.html},
 howpublished = {\url{http://www.gnu.org}}
} 

@inproceedings{ComputerRevolution,
 author = {Kay, Alan C.},
 title = {The computer revolution hasn't happened yet (keynote session)},
 booktitle = {Proceedings of the eighth ACM international conference on Multimedia},
 series = {MULTIMEDIA '00},
 year = {2000},
 isbn = {1-58113-198-4},
 location = {Marina del Rey, California, United States},
 pages = {1--},
 url = {http://doi.acm.org/10.1145/354384.354390},
 doi = {http://doi.acm.org/10.1145/354384.354390},
 acmid = {354390},
 publisher = {ACM},
 address = {New York, NY, USA},
}

@techreport{IeeeGlossary,
    doi = {10.1109/IEEESTD.1990.101064},
    journal = {IEEE Std 610.12-1990},
    keywords = {ieee, software, standard, test},
    posted-at = {2009-05-24 10:46:47},
    priority = {2},
    title = {IEEE Standard Glossary of Software Engineering Terminology},
    url = {http://dx.doi.org/10.1109/IEEESTD.1990.101064},
    year = {1990}
}

@inproceedings{ManagingLargeSystems,
 author = {Royce, W. W.},
 title = {Managing the development of large software systems: concepts and techniques},
 booktitle = {Proceedings of the 9th international conference on Software Engineering},
 series = {ICSE '87},
 year = {1987},
 isbn = {0-89791-216-0},
 location = {Monterey, California, United States},
 pages = {328--338},
 numpages = {11},
 url = {http://portal.acm.org/citation.cfm?id=41765.41801},
 acmid = {41801},
 publisher = {IEEE Computer Society Press},
 address = {Los Alamitos, CA, USA},
}

@article{NatoConference,
	Author = {Naur, P. and Randell, B.},
	Journal = {7th-11th October},
	Title = {Software Engineering, Report of a conference sponsored by the NATO Science Committee. NATO, 1968. Held at Garmisch, Germany},
	Year = {1968}
}
@book{Balzert,
  address = {Heidelberg, Berlin},
  author = {Helmut Balzert},
  publisher = {Spektrum Akademischer Verlag},
  title = {Lehrbuch der Softwaretechnik, Teil 2: Softwaremanagement, Software-Qualitaetssicherung, Unternehmensmodellierung},
  year = 1998,
  keywords = {Software_Engineering Publikationen},
  description = {Lehrbuch der Softwaretechnik, Teil 2: Softwaremanagement, Software-Qualitaetssicherung, Unternehmensmodellierung},
  isbn = {3-8274-0065-1}
}

@article{AgileManifesto,
    author = {Beck, Kent and Beedle, Mike and van Bennekum, Arie and Cockburn, Alistair and Cunningham, Ward and Fowler, Martin and Grenning, James and Highsmith, Jim and Hunt, Andrew and Jeffries, Ron and Kern, Jon and Marick, Brian and Martin, Robert C. and Mellor, Steve and Schwaber, Ken and Sutherland, Jeff and Thomas, Dave},
    publisher = {Ward Cunningham},
    title = {{Manifesto for Agile Software Development}},
    url = {http://www.agilemanifesto.org/},
    year = {2001}
}

@article{AgileHistory,
  author = {C. Larman and V.R. Basili},
  journal = {IEEE Computer},
  number = 6,
  pages = {47-56},
  title = {Iterative and Incremental Development: A Brief History},
  volume = 36,
  year = 2003,
  loca = {},
  keywords = {requirements-engineering},
  biburl = {http://www.bibsonomy.org/bibtex/26ebe04a0bf82c79fcd9e0cba467365db/mstrohm}
}

@book{TestDrivenDevelopment,
 author = {Beck,},
 title = {Test Driven Development: By Example},
 year = {2002},
 isbn = {0321146530},
 publisher = {Addison-Wesley Longman Publishing Co., Inc.},
 address = {Boston, MA, USA},
} 

@book{ExtremeProgramming,
 author = {Beck, Kent and Andres, Cynthia},
 title = {Extreme Programming Explained: Embrace Change (2nd Edition)},
 year = {2004},
 isbn = {0321278658},
 publisher = {Addison-Wesley Professional},
} 

@book{FowlerRefactoring,
  address = {Boston, MA, USA},
  author = {Martin Fowler},
  interhash = {955b704413985c65e6a0ba497d70b00e},
  intrahash = {7151885e8b8528651e048242f3527132},
  publisher = {Addison-Wesley},
  title = {Refactoring: Improving the Design of Existing Code},
  year = 1999,
  keywords = {evolution refactoring software},
  added-at = {2007-09-26T23:42:13.000+0200},
  description = {AOEvolutionchapter short paper},
  isbn = {0-201-48567-2},
  biburl = {http://www.bibsonomy.org/bibtex/27151885e8b8528651e048242f3527132/kimmens}
}

@article{ActorInheritance,
 author = {Kafura, D. G. and Lee, K. H.},
 title = {Inheritance in actor based concurrent object-oriented languages},
 journal = {Comput. J.},
 volume = {32},
 issue = {4},
 month = {July},
 year = {1989},
 issn = {0010-4620},
 pages = {297--304},
 numpages = {8},
 url = {http://portal.acm.org/citation.cfm?id=73708.73710},
 doi = {10.1093/comjnl/32.4.297},
 acmid = {73710},
 publisher = {Oxford University Press},
 address = {Oxford, UK},
} 

@misc{Act1Parallelism,
  author =       {H. Lieberman},
  title =        {Thinking About Lots of Things at Once Without Getting Confused -- Parallelism in Act 1},
  howpublished = {MIT AI memo 626},
  month =        {May},
  year =         {1981},
}

@article{HumbleProgrammer,
 author = {Edsger W. Dijkstra},
 title = {The humble programmer},
 journal = {Commun. ACM},
 volume = {15},
 issue = {10},
 month = {October},
 year = {1972},
 issn = {0001-0782},
 pages = {859--866},
 numpages = {8},
 url = {http://doi.acm.org/10.1145/355604.361591},
 doi = {http://doi.acm.org/10.1145/355604.361591},
 acmid = {361591},
 publisher = {ACM},
 address = {New York, NY, USA},
}

@article{SilverBullet,
 author = {Brooks,Jr., Frederick P.},
 title = {No Silver Bullet: Essence and Accidents of Software Engineering},
 journal = {Computer},
 volume = {20},
 issue = {4},
 month = {April},
 year = {1987},
 issn = {0018-9162},
 pages = {10--19},
 numpages = {10},
 url = {http://dx.doi.org/10.1109/MC.1987.1663532},
 doi = {http://dx.doi.org/10.1109/MC.1987.1663532},
 acmid = {26441},
 publisher = {IEEE Computer Society Press},
 address = {Los Alamitos, CA, USA},
} 

